<?xml version="1.0" encoding="UTF-8"?><collection xmlns="http://www.loc.gov/MARC21/slim"><record><leader>00549nam--2200181-i-4500</leader><controlfield tag="001">000043851</controlfield><controlfield tag="002">20161230</controlfield><controlfield tag="005">20161230201044</controlfield><controlfield tag="008">060222s1000------------r-----000-0-eng-d</controlfield><datafield ind1=" " ind2=" " tag="040"><subfield code="a">IFIN-HH</subfield></datafield><datafield ind1=" " ind2=" " tag="080"><subfield code="a">539.6(061.3)</subfield></datafield><datafield ind1="1" ind2=" " tag="110"><subfield code="a">Pontificia Academia Scientiarum</subfield></datafield><datafield ind1="1" ind2="0" tag="245"><subfield code="a">Study week on molecular forces april 18-23, 1966</subfield></datafield><datafield ind1=" " ind2=" " tag="260"><subfield code="a">New York</subfield><subfield code="b">North-holland Publishing Company</subfield><subfield code="c">1967</subfield></datafield><datafield ind1=" " ind2=" " tag="300"><subfield code="a">XXXVII+754P</subfield></datafield><datafield ind1=" " ind2=" " tag="490"><subfield code="a">Pontificiae Academiae Scientiarvm Scripta Varia</subfield><subfield code="v">Vol. 31</subfield></datafield><datafield ind1=" " ind2=" " tag="852"><subfield code="a">77288</subfield><subfield code="c">539.19</subfield></datafield><datafield ind1=" " ind2=" " tag="CAT"><subfield code="a">Sys</subfield><subfield code="c">20120718</subfield><subfield code="h">114716</subfield></datafield></record></collection>